<record xmlns="http://www.loc.gov/MARC21/slim" xmlns:xsi="http://www.w3.org/2001/XMLSchema-instance" xsi:schemaLocation="http://www.loc.gov/MARC21/slim http://www.loc.gov/standards/marcxml/schema/MARC21slim.xsd">

  <leader>00766nam a2200205Ia 4500</leader>
  <datafield ind1=" " tag="999" ind2=" ">
    <subfield code="c">582</subfield>
    <subfield code="d">582</subfield>
  </datafield>
  <controlfield tag="008">170214b2007    cr a|||| |||| 00| | spa d</controlfield>
  <datafield ind1=" " tag="020" ind2=" ">
    <subfield code="a">9789968503013</subfield>
  </datafield>
  <datafield ind2=" " tag="090" ind1=" ">
    <subfield code="a">14.02.03 </subfield>
    <subfield code="b">1185</subfield>
  </datafield>
  <datafield tag="100" ind1="1" ind2=" ">
    <subfield code="a">Campos Guadamúz, Álvaro</subfield>
    <subfield code="9">2466</subfield>
  </datafield>
  <datafield ind2="0" ind1="1" tag="245">
    <subfield code="a">Redes de Hombres contra la Violencia / </subfield>
    <subfield code="c">Álvaro Campos Guadamúz</subfield>
  </datafield>
  <datafield ind2=" " ind1=" " tag="260">
    <subfield code="a">San José, Costa Rica : </subfield>
    <subfield code="b">Oficina de Seguimiento y Asesoría de Proyectos de Osa, S.C., </subfield>
    <subfield code="b">2007</subfield>
  </datafield>
  <datafield tag="300" ind1=" " ind2=" ">
    <subfield code="a">58 páginas, </subfield>
    <subfield code="b">Ilustraciones,</subfield>
    <subfield code="c">21 x 27 cm</subfield>
  </datafield>
  <datafield tag="490" ind1=" " ind2=" ">
    <subfield code="a">Pautas para facilitadores de talleres de masculinidad en América Central,</subfield>
    <subfield code="v">3</subfield>
  </datafield>
  <datafield ind2=" " ind1=" " tag="500">
    <subfield code="a">Contiene material visual</subfield>
  </datafield>
  <datafield ind2="4" tag="650" ind1="1">
    <subfield code="a">HOMBRES</subfield>
    <subfield code="9">72</subfield>
  </datafield>
  <datafield ind1="1" tag="650" ind2="4">
    <subfield code="9">1028</subfield>
    <subfield code="a">ANÁLISIS DE GÉNERO </subfield>
  </datafield>
  <datafield tag="650" ind1="1" ind2="4">
    <subfield code="a">MASCULINIDAD</subfield>
    <subfield code="9">2467</subfield>
  </datafield>
  <datafield ind2="4" ind1=" " tag="651">
    <subfield code="a">AMÉRICA CENTRAL</subfield>
    <subfield code="9">457</subfield>
  </datafield>
  <datafield ind2=" " ind1=" " tag="942">
    <subfield code="2">z</subfield>
    <subfield code="c">01</subfield>
  </datafield>
</record>